@inproceedings{Hampapur1994,
 author = {Hampapur, A. and Weymouth, T. and Jain, R.},
 title = {Digital video segmentation},
 booktitle = {Proc. of the 2nd ACM Int. Conf. on Multimedia},
 series = {MULTIMEDIA '94},
 year = {1994},
 isbn = {0-89791-686-7},
 location = {San Francisco, California, United States},
 pages = {357--364},
 numpages = {8},
 url = {http://doi.acm.org/10.1145/192593.192699},
 doi = {http://doi.acm.org/10.1145/192593.192699},
 acmid = {192699},
 publisher = {ACM},
 address = {New York, NY, USA},
}

@article{Hanjalic2002,
    author = {Hanjalic, Alan},
    journal = {IEEE Transactions on Circuits and Systems for Video Technology},
    month = Feb,
    number = {2},
    pages = {90--105},
    title = {{Shot-Boundary Detection: Unraveled and Resolved?}},
    volume = {12},
    year = {2002}
}

@article{Zhang1993,
    author = {Zhang, Hongjiang and Kankanhalli, Atreyi and Smoliar, Stephen W.},
    journal = {Multimedia Systems},
    number = {1},
    pages = {10--28},
    publisher = {Springer-Verlag},
    title = {{Automatic partitioning of full-motion video}},
    volume = {1},
    year = {1993}
}

@article{Zhang1995,
 author = {Zhang, Hongjiang and Low, Chien Yong and Smoliar, Stephen W.},
 title = {Video parsing and browsing using compressed data},
 journal = {Multimedia Tools \& Applications},
 volume = {1},
 issue = {1},
 month = {March},
 year = {1995},
 issn = {1380-7501},
 pages = {89--111},
 url = {http://dx.doi.org/10.1007/BF01261227},
 doi = {http://dx.doi.org/10.1007/BF01261227},
 publisher = {Kluwer Academic Publishers},
 address = {Hingham, MA, USA}
}

@inproceedings{Yuan2007,
    author = {Jinhui Yuan and Huiyi Wang and Lan Xiao and Wujie Zheng and Jianmin Li and Fuzong Lin and Bo Zhang},
    title = {A Formal Study of Shot Boundary Detection},
    booktitle = {IEEE Transaction on Circuit and Systems For Video Technology, 2007},
    year = {2007},
    pages = {168--186}
}

@inproceedings{Smeaton1999,
    author = {Alan Smeaton and Noel Murphy and Sean Marlow},
    title = {Evaluation of automatic shot boundary detection on a large video test suite},
    booktitle = {Institute for Image Data Research, Univ. of Northumbria at Newcastle},
    year = {1999},
    pages = {25--26}
}

@inproceedings{Ahmed1999,
	author = {M Ahmed and A Karmouch and S Abu-Hakima},
	title = {Key frame extraction and indexing for multimedia databases},
	booktitle = {Proc. of the Visual Interface Conf.},
	year = {1999},
	pages = {506--511}
}

@inproceedings{Zabih1995,
 author = {Zabih, Ramin and Miller, Justin and Mai, Kevin},
 title = {A feature-based algorithm for detecting and classifying scene breaks},
 booktitle = {Proc. of the 3rd ACM Int. Conf. on Multimedia},
 series = {MULTIMEDIA '95},
 year = {1995},
 isbn = {0-89791-751-0},
 location = {San Francisco, California, United States},
 pages = {189--200},
 numpages = {12},
 url = {http://doi.acm.org/10.1145/217279.215266},
 doi = {http://doi.acm.org/10.1145/217279.215266},
 acmid = {215266},
 publisher = {ACM},
 address = {New York, NY, USA}
}

@article{Bouthemy1997,
    author = {P. Bouthemy and M. Gelgon and F. Ganansia},
    title = {A Unified Approach To Shot Change Detection And Camera Motion Characterization},
    journal = {IEEE Transactions on Circuits and Systems for Video Technology},
    year = {1997},
    volume = {9},
    pages = {1030--1044}
}

@article{Gargi2000,
    author = {Gargi, Ullas and Kasturi, Rangachar and Strayer, Susan H.},
    citeulike-article-id = {122512},
    journal = {IEEE Transactions on Circuits and Systems for Video Technology},
    keywords = {bibtex-import},
    number = {1},
    pages = {1--13},
    posted-at = {2005-03-11 21:01:47},
    priority = {0},
    title = {{Performance Characterization of Video-Shot-Change Detection Methods}},
    volume = {10},
    year = {2000}
}

@article{Yeo1995,
    author = {Yeo, Boon-Lock and Liu, Bede},
    booktitle = {Circuits and Systems for Video Technology, IEEE Transactions on},
    doi = {10.1109/76.475896},
    issn = {10518215},
    journal = {IEEE Transactions on Circuits and Systems for Video Technology},
    month = dec,
    number = {6},
    pages = {533--544},
    title = {{Rapid scene analysis on compressed video}},
    url = {http://dx.doi.org/10.1109/76.475896},
    volume = {5},
    year = {1995}
}

@inproceedings{Lienhart1999,
    author = {Lienhart, R.},
    booktitle = {Storage and Retrieval for Image and Video Databases},
    month = jan,
    pages = {290--301},
    priority = {0},
    title = {{Comparison of automatic shot boundary detection algorithms}},
    url = {http://www.lienhart.de/VCAHome/Research\_Topics/Video\_Segmentation/Shot\_Detection/shot\_detection.html},
    year = {1999}
}

@Misc{youtube:stats,
  author =      {{YouTube}},
  title =       {{Official Press Traffic Statistics}},
  year =        {2011},
  note =        {http://www.youtube.com/t/press\_statistics}
}

@misc{derive2011,
  author = {Thomas Steiner and Ruben Verborgh and Rik {{Van de Walle}} and Michael Hausenblas and Joaquim {{Gabarró Vallés}}},
  title = {{Crowdsourcing Event Detection in YouTube Videos}},
  howpublished = {{Workshop DeRiVE at the 10th Int. Semantic Web Conf. (ISWC2011), Bonn, Germany}},
  year = {October 23-27, 2011}
}

@misc{googlevideo,
  author = {{Google Video Blog}},
  title = {{Closed Captioning Search Options}},
  year = {June 05, 2008},
  note = {http://googlevideo.blogspot.com/2008/06/closed-captioning-search-options.html}
}

@misc{youtubecaptions,
  author = {{The Official Google Blog}},
  title = {{Automatic Captions in YouTube}},
  year = {November 19, 2009},
  note = {http://googleblog.blogspot.com/2009/11/automatic-captions-in-youtube.html}
}

@misc{youtuberule,
  author = {{YouTube Blog}},
  title = {{A YouTube for All of Us}},
  year = {December 2, 2008},
  note = {http://youtube-global.blogspot.com/2008/12/youtube-for-all-of-us.html}
}

@misc{googleresearch,
  author = {{Google Research Blog}},
  title = {{Smart Thumbnails on YouTube}},
  year = {January 19, 2009},
  note = {http://googleresearch.blogspot.com/2009/01/smart-thumbnails-on-youtube.html}
}

@misc{pausch,
  author = {Randy Pausch},
  title = {{Achieving Your Childhood Dreams, Speech by the ex-Carnegie Mellon Professor}},
  year = {September 18, 2007},
  note = {http://www.youtube.com/watch?v=ji5\_MqicxSo}
}

@Misc{youtube,
  author = {{YouTube}},
  title = {{Online Video Platform and Search Engine}},
  note = {http://www.youtube.com/}
}

@InCollection{Choudhury:YouTube,
    address = {Berlin, Heidelberg},
    author = {Choudhury, Smitashree and Breslin, John and Passant, Alexandre},
    booktitle = {The Semantic Web - ISWC 2009},
    chapter = {47},
    pages = {747--762},
    publisher = {Springer Berlin / Heidelberg},
    series = {Lecture Notes in Computer Science},
    title = {{Enrichment and Ranking of the YouTube Tag Space and Integration with the Linked Data Cloud}},
    volume = {5823},
    year = {2009}
}

@InProceedings {Bizer:DBpedia,
  author = {S\"{o}ren Auer and Christian Bizer and Georgi Kobilarov and Jens Lehmann and Richard Cyganiak and Zachary G. Ives},
  booktitle = {The Semantic Web, 6th Int. Semantic Web Conf., 2nd Asian Semantic Web Conf., ISWC 2007 + ASWC 2007, Busan, Korea, November 11-15, 2007},
  title = {DBpedia: A Nucleus for a Web of Open Data},
  year = {2007},
  pages = {722-735}
}

@inproceedings{semwebvid,
Author = {Thomas Steiner and Michael Hausenblas},
Title = {{SemWebVid - Making Video a First Class Semantic Web Citizen and a First Class Web Bourgeois}},
Booktitle = {Semantic Web Challenge at ISWC2010},
Year = {2010},
Month = {November},
Url = {http://www.cs.vu.nl/~pmika/swc/submissions/swc2010_submission_12.pdf}
}

@misc{w3c_html5,
  day = 25,
  editor = {Ian Hickson and David Hyatt},
  howpublished = {W3C Working Draft},
  interhash = {a2bd0c8c66bffcaddbdba8e52e242569},
  intrahash = {1f30af6e0b16bfc55b05126292080168},
  note = {http://www.w3.org/TR/html5/},
  title = {{HTML5}: A Vocabulary and Associated {APIs} for {HTML and XHTML}},
  url = {\url{http://www.w3.org/TR/html5/}},
  year = 2011,
  timestamp = {2010-10-31T22:43:02.000+0100},
  keywords = {w3c v1010 html xml web format zzz.c4a},
  added-at = {2010-10-31T22:43:02.000+0100},
  biburl = {\url{http://www.bibsonomy.org/bibtex/21f30af6e0b16bfc55b05126292080168/flint63}},
  key = {HTML5},
  month = {November},
  abstract = {This specification defines the 5th major revision of the core language of the World Wide Web: the Hypertext Markup Language (HTML). In this version, new features are introduced to help Web application authors, new elements are introduced based on research into prevailing authoring practices, and special attention has been given to defining clear conformance criteria for user agents in an effort to improve interoperability.}
}

@misc{flash,
  author = {Adobe},
  title={{Flash Platform}},
  note = {http://www.adobe.com/flash-platform/}
}

@misc{analyticsevent,
  author = {{Google}},
  title = {{Google Analytics Event Tracking Guide}},
  note = {{http://code.google.com/apis/analytics/docs/tracking/event\-TrackerGuide.html}}
}

@misc{datauri,
  author = {Larry Masinter},
  title = {{The "data" URL scheme, RFC 2397}},
  note = {http://tools.ietf.org/html/rfc2397}
}

@misc{whatwgvideo,
  author = {Ian Hickson},
  title = {{HTML Living Standard -- The Video Element}},
  year = {July 29, 2011},
  note = {http://www.whatwg.org/specs/web-apps/current-work/multipage/the-video-element.html}
}

@misc{sameoriginpolicy,
  author = {{Mozilla Developer Network}},
  title = {{Same origin policy for JavaScript}},
  note = {https://developer.mozilla.org/en/ Same\_origin\_policy\_for\_JavaScript}
}

@misc{html5video,
  author = {Mark Pilgrim},
  title = {{Dive Into HTML5 -- Video}},
  note = {http://diveintohtml5.org/video.html\#video-codecs}
}

@misc{youtubeiframe,
  author = {{YouTube API Blog}},
  title = {{A New Way To Embed YouTube Videos}},
  year = {July 22, 2010},
  note = {http://apiblog.youtube.com/2010/07/new-way-to-embed-youtube-videos.html}
}

@misc{googleanalytics,
  author = {{Google}},
  title = {{Analytics Web Tracking Software}},
  note = {http://www.google.com/analytics/}
}

@misc{chromewebstore,
  author = {{Google}},
  title = {{Chrome Web Store}},
  note = {https://chrome.google.com/webstore/}}
}

@misc{chrome,
  author = {{Google}},
  title = {{Chrome Web Browser}},
  note = {http://google.com/chrome}
}

@misc{chromeextensions,
  author = {{Google}},
  title = {{Chrome Extensions}},
  note = {http://code.google.com/chrome/extensions/index.html}
}

@inproceedings{Gao:2009,
 author = {Gao, Yuli and Zhang, Tong and Xiao, Jun},
 title = {Thematic video thumbnail selection},
 booktitle = {{Proc. of the 16th IEEE Int. Conf. on Image Processing}},
 series = {ICIP'09},
 year = {2009},
 isbn = {978-1-4244-5653-6},
 location = {Cairo, Egypt},
 pages = {4277--4280},
 numpages = {4},
 url = {http://portal.acm.org/citation.cfm?id=1819298.1819917},
 acmid = {1819917},
 publisher = {{IEEE Press}},
 address = {Piscataway, NJ, USA},
 keywords = {image similarity measure, video keyframe extraction, video search and browsing, video theme, video thumbnail},
} 