@techreport{troncy2012mediafragments,
  author = {Raphaël Troncy and Erik Mannens and Silvia Pfeiffer and Davy {Van Deursen} and Michael Hausenblas and Philip Jägenstedt and Jack Jansen and Yves Lafon and Conrad Parker and Thomas Steiner},
  title = {{Media Fragments {\sc uri}~1.0 (basic)}},
  institution = {W3C},
  year = {2012},
  type = {{W3C Recommendation}},
  month = sep,
  url = {http://www.w3.org/TR/media-frags/}
}

@online{fielding1999http,
  author = {R. T. Fielding and J. Gettys and J. Mogul and H. Frystyk and L. Masinter and P. Leach and T. Berners-Lee},
  title = {{Hypertext Transfer Protocol -- {\sc http}/1.1}},
  url = {http://www.ietf.org/rfc/rfc2616.txt},
  month = jun,
  year = 1999
}

@incollection{pizzi2008debugging,
  author = {Pizzi, David and Cavazza, Marc},
  title = {{From Debugging to Authoring: Adapting Productivity Tools to Narrative Content Description}},
  booktitle = {Interactive Storytelling},
  year = {2008},
  isbn = {978-3-540-89424-7},
  volume = {5334},
  series = {Lecture Notes in Computer Science},
  editor = {Spierling, Ulrike and Szilas, Nicolas},
  publisher = {Springer Berlin Heidelberg},
  pages = {285--296}
}

@article{alexander2008storytelling,
  author = {Bryan Alexander and Alan Levine},
  title = {{Web~2.0 Storytelling: Emergence of a New Genre}},
  journal = {{\sc educause} Review},
  year = {2008},
  volume = {43},
  number = {6},
  pages = {40--56}
}

@techreport{schulzrinne1998realtime,
  author = {H. Schulzrinne and A. Rao and R. Lanphier},
  title = {{Real Time Streaming Protocol {\sc rtsp}}},
  institution = {IETF},
  year = {1998},
  type = {{Request for Comments:~2326}},
  month = apr,
  url = {http://www.ietf.org/rfc/rfc2326.txt}
}

@techreport{lee2012mediaontology,
  author = {WonSuk Lee and Werner Bailer and Tobias Bürger and Pierre-Antoine Champin and Jean-Pierre Evain and Véronique Malaisé and Thierry Michel and Felix Sasaki and Joakim Söderberg and Florian Stegmaier and John Strassner},
  title = {{Ontology for Media Resources~1.0}},
  institution = {W3C},
  year = {2012},
  type = {{W3C Recommendation}},
  month = feb,
  url = {http://www.w3.org/TR/mediaont-10/}
}

@techreport{prudhommeaux2013turtle,
  author = {Eric Prud'hommeaux and Gavin Carothers and David Beckett and Tim Berners-Lee},
  title = {{Turtle -- Terse {\sc rdf} Triple Language}},
  institution = {W3C},
  year = {2013},
  type = {{W3C Candidate Recommendation}},
  month = feb,
  url = {http://www.w3.org/TR/turtle/}
}