@techreport{troncy2012mediafragments,
  author = {R. Troncy and E. Mannens and S. Pfeiffer and D. {Van Deursen} and M. Hausenblas and P. J\"agenstedt and J. Jansen and Y. Lafon and C. Parker and T. Steiner},
  title = {{Media Fragments {\sc uri}~1.0 (basic)}},
  institution = {W3C},
  year = {2012},
  type = {{Recommendation}},
  note = {\texttt{http://www.w3.org/TR/media-frags/}}
}

@techreport{fielding1999http,
  author = {R. T. Fielding and J. Gettys and J. Mogul and H. Frystyk and L. Masinter and P. Leach and T. Berners-Lee},
  title = {{Hypertext Transfer Protocol -- {\sc http}/1.1}},
  institution = {IETF},
  year = 1999,
  type = {{RFC~2616}},
  note = {\texttt{http://www.ietf.org/rfc/rfc2616.txt}}
}

@inproceedings{pizzi2008debugging,
  author = {D. Pizzi and M. Cavazza},
  title = {{From Debugging to Authoring: Adapting Productivity Tools to Narrative Content Description}},
  booktitle = {1$^{st}$ Joint International Conference on Interactive Digital Storytelling (ICIDS'08)},
  year = {2008},
  pages = {285--296},
  address = {Erfurt, Germany}
}

@article{alexander2008storytelling,
  author = {B. Alexander and A. Levine},
  title = {{Web~2.0 Storytelling: Emergence of a New Genre}},
  journal = {{\sc educause} Review},
  year = {2008},
  volume = {43},
  number = {6},
  pages = {40--56}
}

@techreport{schulzrinne1998realtime,
  author = {H. Schulzrinne and A. Rao and R. Lanphier},
  title = {{Real Time Streaming Protocol {\sc rtsp}}},
  institution = {IETF},
  year = {1998},
  type = {{RFC~2326}},
  note = {\texttt{http://www.ietf.org/rfc/rfc2326.txt}}
}

@techreport{lee2012mediaontology,
  author = {W. Lee and W. Bailer and T. B\"urger and P.-A. Champin and J.-P. Evain and V. Malais\'e and T. Michel and F. Sasaki and J. S\"oderberg and F. Stegmaier and J. Strassner},
  title = {{Ontology for Media Resources~1.0}},
  institution = {W3C},
  year = {2012},
  type = {{Recommendation}},
  note = {\texttt{http://www.w3.org/TR/mediaont-10/}}
}

@techreport{prudhommeaux2013turtle,
  author = {E. Prud'hommeaux and G. Carothers and D. Beckett and T. Berners-Lee},
  title = {{Turtle -- Terse {\sc rdf} Triple Language}},
  institution = {W3C},
  year = {2013},
  type = {{Candidate Recommendation}},
  note = {\texttt{http://www.w3.org/TR/turtle/}}
}

@misc{youtube2008link,
  author = {{The YouTube Team}},
  title = {{Link To The Best Parts In Your Videos}},
  note = {\texttt{http://youtube-global.blogspot.com/\-2008/10/link-to-best-parts-in-your\-videos.html}},
  year = {2008}
}

@techreport{bos2012css3,
  author = {B. Bos and E. J. Etemad and B. Kemper},
  title = {{{\sc css} Backgrounds and Borders Module Level~3}},
  institution = {W3C},
  year = {2012},
  type = {{Candidate Recommendation}},
  note = {\texttt{http://www.w3.org/TR/css3-background/}}
}

@misc{duddington2012espeak,
  author = {J. Duddington},
  title = {{eSpeak Text to Speech}},
  year = {2012},
  note = {\texttt{http://espeak.sourceforge.net/}}
}

@misc{weinberg2013polyfill,
  author = {F. Weinberg},
  title = {{Media Fragments URI--Spatial Dimension}},
  year = {2013},
  note = {\texttt{http://css-tricks.com/\-media-fragments-uri-spatial-dimension}}
}

@misc{sharp2010polyfill,
  author = {R. Sharp},
  title = {{What is a~Polyfill?}},
  year = {2010},
  note = {\texttt{http://remysharp.com/2010/10/08/what\--is-a-polyfill/}}
}

@book{reiter2000building,
  author = {E. Reiter and R. Dale},
  title = {{Building Natural Language Generation Systems}},
  series = {Studies in Natural Language Processing},
  year = {2000},
  publisher = {Cambridge University Press}
}

@article{portet2009nlg,
  author = {F. Portet and E. Reiter and A. Gatt and J. Hunter and S. Sripada and Y. Freer and C. Sykes},
  title = {{Automatic Generation of Textual Summaries from Neonatal Intensive Care Data}},
  journal = {Artificial Intelligence},
  volume = {173},
  number = {7--8},
  pages = {789--816},
  year = {2009},
}

@inproceedings{papineni2002bleu,
  author = {K. Papineni and S. Roukos and T. Ward and W.J. Zhu},
  title = {{BLEU: A Method for Automatic Evaluation of Machine Translation}},
  booktitle = {40$^{th}$ Annual Meeting on Association for Computational Linguistics (ACL'02)},
  year = {2002},
  address = {Philadelphia, Pennsylvania},
  pages = {311--318}
}

@misc{itu1998mos,
  author = {{International Telecommunication Union, Telecommunication Standardization Sector}},
  title = {{ITU-T Recommendation P.800: Methods for Subjective Determination of Transmission Quality}},
  year = {1998},
  note = {\texttt{http://bit.ly/Mean-Opinion-Score}}
}
