@inproceedings{steiner2012definingaesthetic, 
  author = {Steiner, Thomas and Verborgh, Ruben and Gabarro, Joaquim and Van de Walle, Rik},
  title = {{Defining Aesthetic Principles for Automatic Media Gallery Layout for Visual and Audial Event Summarization based on Social Networks}},    
  booktitle = {Quality of Multimedia Experience (QoMEX), 2012 Fourth International Workshop on},
  year = {2012}, 
  month = jul, 
  pages = {27--28}, 
  url = {http://www.lsi.upc.edu/~tsteiner/papers/2012/defining-aesthetic-principles-for-automatic-media-gallery-layout-qomex2012.pdf}
}

@online{itu1998mos,
  author = {{International Telecommunication Union,
            Telecommunication Standardization Sector}}, 
  title = {{ITU-T Recommendation P.800: Methods for Subjective Determination
            of Transmission Quality}},
  year = {1998},
  month = aug,
  note = {\url{http://www.itu.int/rec/T-REC-P.800-199608-I/en}, accessed 02/21/2013}
}

@inproceedings{suh2003thumbnail,
  author = {Suh, Bongwon and Ling, Haibin and Bederson, Benjamin B. and Jacobs, David W.},
  title = {{Automatic Thumbnail Cropping and its Effectiveness}},
  booktitle = {Proceedings of the 16th Annual ACM Symposium on User Interface Software and Technology},
  series = {UIST~'03},
  year = {2003},
  isbn = {1-58113-636-6},
  location = {Vancouver, Canada},
  pages = {95--104},
  numpages = {10}, 
  publisher = {ACM} 
} 

@online{chedeau2012googleplus,
  author = {Christopher Chedeau},
  title = {{Image Layout Algorithm -- Google Plus}},
  note = {\url{http://blog.vjeux.com/2012/image/image-layout-algorithm-google-plus.html}, accessed 02/22/2013},
  year = 2012,
  month = jul
}

@online{chedeau2012facebook,
  author = {Christopher Chedeau},
  title = {{Image Layout Algorithm -- Facebook}},
  note = {\url{http://blog.vjeux.com/2012/image/image-layout-algorithm-facebook.html}, accessed 02/22/2013},
  year = 2012,
  month = aug
}




