@inproceedings{petrovic2010streamingfirststory,
  author = {Petrovi\'{c}, Sa\v{s}a and Osborne, Miles and Lavrenko, Victor},
  title = {{Streaming First Story Detection with Application to Twitter}},
  booktitle = {Human Language Technologies: The 2010 Annual Conference of the North American Chapter of the Association for Computational Linguistics},
  series = {HLT '10},
  year = {2010},
  isbn = {1-932432-65-5},
  location = {Los Angeles, California},
  pages = {181--189},
  numpages = {9}, 
  publisher = {Association for Computational Linguistics}
} 

@inproceedings{osborne2012bieber,
  author = {Miles Osborne and Saša Petrovi\'{c} and Richard McCreadie and Craig Macdonald and Iadh Ounis}, 
  title = {{Bieber no more: First Story Detection using Twitter and Wikipedia}},
  booktitle = {Proceedings of the SIGIR Workshop on Time-aware Information Access},
  year = {2012}
}

@online{vibber2009currentevents,
  author = {Brion Vibber},
  title = {Current events and traffic spikes},
  month = jun,
  year = {2009},
  note = {\url{http://blog.wikimedia.org/2009/06/25/current-events/}, accessed 02/18/2013}
}

@onkline{beaumont2009editwar,
  author = {Claudine Beaumont},
  title = {{Michael Jackson’s death sparks Wikipedia editing war}},
  year = {2009},
  month = jun,
  note = {\url{http://www.telegraph.co.uk/technology/wikipedia/5652230/Michael-Jacksons-death-sparks-Wikipedia-editing-war.html}, accessed 02/18/2013}
}

@inproceedings{hu2012breakingnews,
  author = {Hu, Mengdie and Liu, Shixia and Wei, Furu and Wu, Yingcai and Stasko, John and Ma, Kwan-Liu},
  title = {{Breaking News on Twitter}},
  booktitle = {Proceedings of the 2012 ACM Annual Conference on Human Factors in Computing Systems},
  series = {CHI '12},
  year = {2012},
  isbn = {978-1-4503-1015-4},
  location = {Austin, Texas, USA},
  pages = {2751--2754},
  numpages = {4}, 
  publisher = {ACM}
} 

@inproceedings{tsagkias2011linkingonlinenews,
  author = {Tsagkias, Manos and de Rijke, Maarten and Weerkamp, Wouter},
  title = {{Linking Online News and Social Media}},
  booktitle = {Proceedings of the Fourth ACM International Conference on Web Search and Data Mining},
  series = {WSDM '11},
  year = {2011},
  isbn = {978-1-4503-0493-1},
  location = {Hong Kong, China},
  pages = {565--574},
  numpages = {10}, 
  publisher = {ACM}
} 

@online{summers2011odetonode,
  author = {Ed Summers},
  title = {An Ode to Node},
  note = {\url{http://inkdroid.org/journal/2011/11/07/an-ode-to-node/}, accessed 02/18/2013},
  year = {2011},
  month = nov
}

@inproceedings{vrandecic2012wikidata,
  author = {Vrande\v{c}i\'{c}, Denny},
  title = {{Wikidata: A New Platform for Collaborative Data Collection}},
  booktitle = {Proceedings of the 21st International Conference Companion on World Wide Web},
  series = {WWW '12 Companion},
  year = {2012},
  isbn = {978-1-4503-1230-1},
  location = {Lyon, France},
  pages = {1063--1064},
  numpages = {2},  
  publisher = {ACM}  
} 

@techreport{hickson2012websockets,
  author = {Ian Hickson},
  title = {{The WebSocket API}},
  year = {2012},
  month = sep,
  institution = {{W3C}},
  type = {{W3C Candidate Recommendation}}
}