@inproceedings{Crowdsourcing2011,
  author = {Thomas Steiner and Ruben Verborgh and Michael Hausenblas},
  title = {{Crowdsourcing Event Detection in YouTube Videos }},
  booktitle = {{Proceedings of the Workshop on Detection, Representation, and Exploitation of Events in the Semantic Web (DeRiVE 2011)}},
  year = 2011,
  pages = {58-â€“67}
}

@inproceedings{Facebook2011, 
  author = {Thomas Steiner and Ruben Verborgh and Joaquim Gabarro and Rik {van de Walle}}, 
  booktitle = {Proceedings of the 7$^{th}$ International Conference on Next Generation Web Services Practices (NWeSP 2011)}, 
title={{Adding Meaning to Facebook Microposts via a Mash-Up API and Tracking its Data Provenance}}, 
  year = 2011, 
  pages = {342--345}
}

@inproceedings{Photo2011,
  author = {Philipp Sandhaus and Mohammad Rabbath and Susanne Boll},
  title = {{Employing Aesthetic Principles for Automatic Photo Book Layout}},
  booktitle = {Proceedings of the 17$^{th}$ International Conference on Advances in Multimedia Modeling -- Volume Part I (MMM 2011)},  
 year = 2011,
 pages = {84--95}
} 