@inproceedings{steiner2011crowdsourcing,
  author = {Steiner, Thomas and Verborgh, Ruben
            and Van de Walle, Rik and others},
  title = {{Crowdsourcing Event Detection in YouTube Videos}},
  booktitle = {Proceedings of the Workshop on Detection,
                Representation, and Exploitation of Events in the
                Semantic Web (DeRiVE 2011)},
  month = oct,
  year = {2011}
}

@inproceedings{yang2009videonoise, 
  author = {Chunting Yang}, 
  title = {{Video Noise Reduction based on Motion Complexity
            Classification}},   
  booktitle = {Asia-Pacific Conference on Computational Intelligence
               and Industrial Applications, 2009. PACIIA 2009.}, 
  year = {2009}, 
  month = nov, 
  volume = {2}, 
  pages={176--179}
}

@article{crowdsourcing,
  author = {Jeff Howe},
  journal = {Wired},
  number = {6},
  title = {{The Rise of Crowdsourcing}},
  note = {\url{http://www.wired.com/wired/archive/14.06/-crowds.html}},
  volume = {14},
  year = {2006}
}

@inproceedings{steiner_www_2012b,
  title = {Enabling on-the-fly Video Shot Detection on {YouTube}},
  author = {Steiner, Thomas and Verborgh, Ruben and Gabarr\'o Vall\'es, Joaquim and Hausenblas, Michael and Troncy, Rapha\"el and Van de Walle, Rik},
  booktitle = {Proceedings of the 21st International Conference on World Wide Web},
  year = {2012},
  month = apr,
  publisher = {ACM}
}

@article{Doan:2011,
 author = {Doan, Anhai and Ramakrishnan, Raghu and Halevy, Alon Y.},
 title = {{Crowdsourcing systems on the World-Wide Web}},
 journal = {Commun. ACM},
 volume = {54},
 issue = {4},
 month = apr,
 year = {2011},
 pages = {86--96},
 publisher = {ACM},
 address = {New York, NY, USA}
}

@inproceedings{Soleymani:2010,
    author = {Soleymani, Mohammad and Larson, Martha},
    booktitle = {Proc. of the SIGIR 2010 Workshop on Crowdsourcing for Search Evaluation (CSE 2010)},
    location = {Geneva, Switzerland},
    month = jul,
    organization = {ACM SIGIR},
    publisher = {ACM},
    title = {{Crowdsourcing for Affective Annotation of Video: Development of a Viewer-reported Boredom Corpus}},
    year = {2010}
}

@incollection {Vondrick:2010,
   author = {Vondrick, Carl and Ramanan, Deva and Patterson, Donald},
   affiliation = {Department of Computer Science, University of California, Irvine, USA},
   title = {Efficiently Scaling Up Video Annotation with Crowdsourced Marketplaces},
   booktitle = {Computer Vision â€“ ECCV 2010},
   series = {Lecture Notes in Computer Science},
   publisher = {Springer},
   pages = {610--623},
   volume = {6314},
   year = {2010}
}

@inproceedings{Nowak:2010,
 author = {Nowak, Stefanie and R\"{u}ger, Stefan},
 title = {{How reliable are annotations via crowdsourcing: a study about inter-annotator agreement for multi-label image annotation}},
 booktitle = {Proc. of the Int. Conf. on Multimedia Information Retrieval},
 series = {MIR '10},
 year = {2010},
 location = {Philadelphia, Pennsylvania, USA},
 pages = {557--566},
 numpages = {10},
 publisher = {ACM},
 address = {New York, NY, USA}
}

@inproceedings{Welinder:2010,
    author = {Welinder, P and Perona, P},
    title = {{Online crowdsourcing: rating annotators and obtaining cost-effective labels}},
    booktitle = {Proc. of the 2010 IEEE Computer Society Conf. on Computer Vision and Pattern Recognition Workshops (CVPRW)},
    year = 2010,
    month = jun,
    publisher = {IEEE},
    address = {San Francisco, CA, USA}
}