@online{DavidSimonds,
  author = {{David Simonds (The Economist)}},
  title = {{Walled Gardens}},
  howpublished = {Taken from a Presentation ``{WWW} and Hopes for the Future" by Tim Berners-Lee},
  note = {Available at \url{http://www.w3.org/2011/Talks/0222-saudi-tbl/}},
  month = feb,
  year = 2011
}
