@inproceedings{Hampapur1994,
 author = {Hampapur, A. and Weymouth, T. and Jain, R.},
 title = {Digital video segmentation},
 booktitle = {Proceedings of the second ACM international conference on Multimedia},
 series = {MULTIMEDIA '94},
 year = {1994},
 isbn = {0-89791-686-7},
 location = {San Francisco, California, United States},
 pages = {357--364},
 numpages = {8},
 url = {http://doi.acm.org/10.1145/192593.192699},
 doi = {http://doi.acm.org/10.1145/192593.192699},
 acmid = {192699},
 publisher = {ACM},
 address = {New York, NY, USA},
}

@article{Hanjalic2002,
    author = {Hanjalic, Alan},
    journal = {IEEE Transactions on Circuits and Systems for Video Technology},
    month = Feb,
    number = {2},
    pages = {90--105},
    title = {{Shot-Boundary Detection: Unraveled and Resolved?}},
    volume = {12},
    year = {2002}
}

@article{Zhang1993,
    author = {Zhang, Hongjiang and Kankanhalli, Atreyi and Smoliar, Stephen W.},
    journal = {Multimedia Systems},
    number = {1},
    pages = {10--28},
    publisher = {Springer-Verlag},
    title = {{Automatic partitioning of full-motion video}},
    volume = {1},
    year = {1993}
}

@article{Zhang1995,
 author = {Zhang, Hongjiang and Low, Chien Yong and Smoliar, Stephen W.},
 title = {Video parsing and browsing using compressed data},
 journal = {Multimedia Tools and Applications},
 volume = {1},
 issue = {1},
 month = {March},
 year = {1995},
 issn = {1380-7501},
 pages = {89--111},
 url = {http://dx.doi.org/10.1007/BF01261227},
 doi = {http://dx.doi.org/10.1007/BF01261227},
 publisher = {Kluwer Academic Publishers},
 address = {Hingham, MA, USA}
}

@inproceedings{Yuan2007,
    author = {Jinhui Yuan and Huiyi Wang and Lan Xiao and Wujie Zheng and Jianmin Li and Fuzong Lin and Bo Zhang},
    title = {A Formal Study of Shot Boundary Detection},
    booktitle = {Circuit and Systems For Video Technology, 2007, IEEE Transaction on},
    year = {2007},
    pages = {168--186}
}

@inproceedings{Smeaton1999,
    author = {Alan Smeaton and Noel Murphy and Sean Marlow},
    title = {Evaluation of automatic shot boundary detection on a large video test suite},
    booktitle = {Institute for Image Data Research, University of Northumbria at Newcastle},
    year = {1999},
    pages = {25--26}
}

@inproceedings{Ahmed1999,
	author = {M Ahmed and A Karmouch and S Abu-Hakima},
	title = {Key frame extraction and indexing for multimedia databases},
	booktitle = {Proceedings of the Visual Interface Conference},
	year = {1999},
	pages = {506--511}
}

@inproceedings{Zabih1995,
 author = {Zabih, Ramin and Miller, Justin and Mai, Kevin},
 title = {A feature-based algorithm for detecting and classifying scene breaks},
 booktitle = {Proceedings of the third ACM international conference on Multimedia},
 series = {MULTIMEDIA '95},
 year = {1995},
 isbn = {0-89791-751-0},
 location = {San Francisco, California, United States},
 pages = {189--200},
 numpages = {12},
 url = {http://doi.acm.org/10.1145/217279.215266},
 doi = {http://doi.acm.org/10.1145/217279.215266},
 acmid = {215266},
 publisher = {ACM},
 address = {New York, NY, USA}
}

@article{Bouthemy1997,
    author = {P. Bouthemy and M. Gelgon and F. Ganansia},
    title = {A Unified Approach To Shot Change Detection And Camera Motion Characterization},
    journal = {IEEE Transactions on Circuits and Systems for Video Technology},
    year = {1997},
    volume = {9},
    pages = {1030--1044}
}

@article{Gargi2000,
    author = {Gargi, Ullas and Kasturi, Rangachar and Strayer, Susan H.},
    citeulike-article-id = {122512},
    journal = {IEEE Transactions on Circuits and Systems for Video Technology},
    keywords = {bibtex-import},
    number = {1},
    pages = {1--13},
    posted-at = {2005-03-11 21:01:47},
    priority = {0},
    title = {{Performance Characterization of Video-Shot-Change Detection Methods}},
    volume = {10},
    year = {2000}
}

@article{Yeo1995,
    author = {Yeo, Boon-Lock and Liu, Bede},
    booktitle = {Circuits and Systems for Video Technology, IEEE Transactions on},
    doi = {10.1109/76.475896},
    issn = {10518215},
    journal = {IEEE Transactions on Circuits and Systems for Video Technology},
    month = dec,
    number = {6},
    pages = {533--544},
    title = {{Rapid scene analysis on compressed video}},
    url = {http://dx.doi.org/10.1109/76.475896},
    volume = {5},
    year = {1995}
}

@inproceedings{Lienhart1999,
    author = {Lienhart, R.},
    booktitle = {Storage and Retrieval for Image and Video Databases},
    month = jan,
    pages = {290--301},
    priority = {0},
    title = {{Comparison of automatic shot boundary detection algorithms}},
    url = {http://www.lienhart.de/VCAHome/Research_Topics/Video_Segmentation/Shot_Detection/shot_detection.html},
    year = {1999}
}
