@inproceedings{Hampapur1994,
 author = {Hampapur, A. and Weymouth, T. and Jain, R.},
 title = {Digital video segmentation},
 booktitle = {Proc. of the 2nd ACM Int. Conference on Multimedia},
 series = {MULTIMEDIA '94},
 year = {1994},
 isbn = {0-89791-686-7},
 location = {San Francisco, California, United States},
 pages = {357--364},
 numpages = {8},
 url = {http://doi.acm.org/10.1145/192593.192699},
 doi = {http://doi.acm.org/10.1145/192593.192699},
 acmid = {192699},
 publisher = {ACM},
 address = {New York, NY, USA},
}

@article{Hanjalic2002,
    author = {Hanjalic, Alan},
    journal = {IEEE Transactions on Circuits and Systems for Video Technology},
    month = {Feb},
    number = {2},
    pages = {90--105},
    title = {{Shot-Boundary Detection: Unraveled and Resolved?}},
    volume = {12},
    year = {2002}
}

@article{Zhang1993,
    author = {Zhang, Hongjiang and Kankanhalli, Atreyi and Smoliar, Stephen W.},
    journal = {Multimedia Systems},
    number = {1},
    pages = {10--28},
    publisher = {Springer-Verlag},
    title = {{Automatic partitioning of full-motion video}},
    volume = {1},
    year = {1993}
}

@article{Zhang1995,
 author = {Zhang, Hongjiang and Low, Chien Yong and Smoliar, Stephen W.},
 title = {Video parsing and browsing using compressed data},
 journal = {Multimedia Tools and Applications},
 volume = {1},
 issue = {1},
 month = {March},
 year = {1995},
 issn = {1380-7501},
 pages = {89--111},
 url = {http://dx.doi.org/10.1007/BF01261227},
 doi = {http://dx.doi.org/10.1007/BF01261227},
 publisher = {Kluwer Academic Publishers},
 address = {Hingham, MA, USA}
}

@inproceedings{Yuan2007,
    author = {Jinhui Yuan and Huiyi Wang and Lan Xiao and Wujie Zheng and Jianmin Li and Fuzong Lin and Bo Zhang},
    title = {A Formal Study of Shot Boundary Detection},
    booktitle = {Circuit and Systems For Video Technology, 2007, IEEE Transaction on},
    year = {2007},
    pages = {168--186}
}

@inproceedings{Smeaton1999,
    author = {Alan Smeaton and Noel Murphy and Sean Marlow},
    title = {Evaluation of automatic shot boundary detection on a large video test suite},
    booktitle = {Institute for Image Data Research, University of Northumbria at Newcastle},
    year = {1999},
    pages = {25--26}
}

@inproceedings{Ahmed1999,
	author = {M Ahmed and A Karmouch and S Abu-Hakima},
	title = {Key frame extraction and indexing for multimedia databases},
	booktitle = {Proc. of the Visual Interface Conference},
	year = {1999},
	pages = {506--511}
}

@inproceedings{Zabih1995,
 author = {Zabih, Ramin and Miller, Justin and Mai, Kevin},
 title = {A feature-based algorithm for detecting and classifying scene breaks},
 booktitle = {Proc. of the 3rd ACM Int. Conference on Multimedia},
 series = {MULTIMEDIA '95},
 year = {1995},
 isbn = {0-89791-751-0},
 location = {San Francisco, California, United States},
 pages = {189--200},
 numpages = {12},
 url = {http://doi.acm.org/10.1145/217279.215266},
 doi = {http://doi.acm.org/10.1145/217279.215266},
 acmid = {215266},
 publisher = {ACM},
 address = {New York, NY, USA}
}

@inproceedings{artemis,
 author = {Thomas Steiner and Ruben Verborgh and Rik {Van de Walle} and Arnaud Brousseau},
 title = {{Enabling On-the-Fly Video Scene Detection on YouTube and Crowdsourcing In-Video Hot Spot Identification}},
 booktitle = {{Proc. of the 2nd IEEE Workshop on Analysis and Retrieval of Tracked Events and Motion in Imagery Streams (submitted)}},
 series = {ARTEMIS 2011},
 year = {2011},
 location = {Barcelona, Spain},
 publisher = {{IEEE}}
}


@article{Bouthemy1997,
    author = {P. Bouthemy and M. Gelgon and F. Ganansia},
    title = {A Unified Approach To Shot Change Detection And Camera Motion Characterization},
    journal = {IEEE Transactions on Circuits and Systems for Video Technology},
    year = {1997},
    volume = {9},
    pages = {1030--1044}
}

@article{Gargi2000,
    author = {Gargi, Ullas and Kasturi, Rangachar and Strayer, Susan H.},
    citeulike-article-id = {122512},
    journal = {IEEE Transactions on Circuits and Systems for Video Technology},
    keywords = {bibtex-import},
    number = {1},
    pages = {1--13},
    posted-at = {2005-03-11 21:01:47},
    priority = {0},
    title = {{Performance Characterization of Video-Shot-Change Detection Methods}},
    volume = {10},
    year = {2000}
}

@article{Yeo1995,
    author = {Yeo, Boon-Lock and Liu, Bede},
    booktitle = {Circuits and Systems for Video Technology, IEEE Transactions on},
    doi = {10.1109/76.475896},
    issn = {10518215},
    journal = {IEEE Transactions on Circuits and Systems for Video Technology},
    month = dec,
    number = {6},
    pages = {533--544},
    title = {{Rapid scene analysis on compressed video}},
    url = {http://dx.doi.org/10.1109/76.475896},
    volume = {5},
    year = {1995}
}

@inproceedings{Lienhart1999,
    author = {Lienhart, R.},
    booktitle = {Storage and Retrieval for Image and Video Databases},
    month = jan,
    pages = {290--301},
    priority = {0},
    title = {{Comparison of automatic shot boundary detection algorithms}},
    url = {http://www.lienhart.de/VCAHome/Research\_Topics/Video\_Segmentation/Shot\_Detection/shot\_detection.html},
    year = {1999}
}

@Misc{youtube:stats,
  author =      {{YouTube}},
  title =       {{Official Press Traffic Statistics}},
  year =        {2011},
  note =        {http://www.youtube.com/t/press\_statistics}
}

@misc{googlevideo,
  author = {{Google Video Blog}},
  title = {{Closed Captioning Search Options}},
  year = {June 05, 2008},
  note = {http://googlevideo.blogspot.com/2008/06/closed-captioning-search-options.html}
}

@misc{youtubecaptions,
  author = {{The Official Google Blog}},
  title = {{Automatic Captions in YouTube}},
  year = {November 19, 2009},
  note = {http://googleblog.blogspot.com/2009/11/automatic-captions-in-youtube.html}
}

@misc{youtuberule,
  author = {{YouTube Blog}},
  title = {{A YouTube for All of Us}},
  year = {December 2, 2008},
  note = {http://youtube-global.blogspot.com/2008/12/youtube-for-all-of-us.html}
}

@misc{googleresearch,
  author = {{Google Research Blog}},
  title = {{Smart Thumbnails on YouTube}},
  year = {January 19, 2009},
  note = {http://googleresearch.blogspot.com/2009/01/smart-thumbnails-on-youtube.html}
}

@misc{pausch,
  author = {Randy Pausch},
  title = {{Achieving Your Childhood Dreams, Speech by the ex-Carnegie Mellon Professor}},
  year = {September 18, 2007},
  note = {http://www.youtube.com/watch?v=ji5\_MqicxSo}
}

@Misc{youtube,
  author = {{YouTube}},
  title = {{Online Video Platform and Search Engine}},
  note = {http://www.youtube.com/}
}

@InCollection{Choudhury:YouTube,
    address = {Berlin, Heidelberg},
    author = {Choudhury, Smitashree and Breslin, John and Passant, Alexandre},
    booktitle = {The Semantic Web - ISWC 2009},
    chapter = {47},
    pages = {747--762},
    publisher = {Springer Berlin / Heidelberg},
    series = {Lecture Notes in Computer Science},
    title = {{Enrichment and Ranking of the YouTube Tag Space and Integration with the Linked Data Cloud}},
    volume = {5823},
    year = {2009}
}

@InProceedings {Bizer:DBpedia,
  author = {S\"{o}ren Auer and Christian Bizer and Georgi Kobilarov and Jens Lehmann and Richard Cyganiak and Zachary G. Ives},
  booktitle = {The Semantic Web, 6th Int. Semantic Web Conference, 2nd Asian Semantic Web Conference, ISWC 2007 + ASWC 2007, Busan, Korea, November 11-15, 2007},
  title = {DBpedia: A Nucleus for a Web of Open Data},
  year = {2007},
  pages = {722-735}
}

@inproceedings{semwebvid,
Author = {Thomas Steiner and Michael Hausenblas},
Title = {{SemWebVid - Making Video a First Class Semantic Web Citizen and a First Class Web Bourgeois}},
Booktitle = {Semantic Web Challenge at ISWC2010},
Year = {2010},
Month = {November},
Url = {http://www.cs.vu.nl/~pmika/swc/submissions/swc2010_submission_12.pdf}
}

@misc{w3c_html5,
  day = 25,
  editor = {Ian Hickson and David Hyatt},
  howpublished = {W3C Working Draft},
  interhash = {a2bd0c8c66bffcaddbdba8e52e242569},
  intrahash = {1f30af6e0b16bfc55b05126292080168},
  note = {http://www.w3.org/TR/2009/WD-html5-20090825/},
  title = {{HTML5}: A Vocabulary and Associated {APIs} for {HTML and XHTML}},
  url = {http://www.w3.org/TR/2009/WD-html5-20090825/},
  year = 2009,
  timestamp = {2010-10-31T22:43:02.000+0100},
  keywords = {w3c v1010 html xml web format zzz.c4a},
  added-at = {2010-10-31T22:43:02.000+0100},
  biburl = {http://www.bibsonomy.org/bibtex/21f30af6e0b16bfc55b05126292080168/flint63},
  key = {HTML5},
  month = {August},
  abstract = {This specification defines the 5th major revision of the core language of the World Wide Web: the Hypertext Markup Language (HTML). In this version, new features are introduced to help Web application authors, new elements are introduced based on research into prevailing authoring practices, and special attention has been given to defining clear conformance criteria for user agents in an effort to improve interoperability.}
}

@misc{flash,
  author = {Adobe},
  title={{Flash Platform}},
  note = {http://www.adobe.com/flash-platform/}
}

@misc{analyticsevent,
  author = {{Google}},
  title = {{Google Analytics Event Tracking Guide}},
  note = {{http://code.google.com/apis/analytics/\-docs/tracking/event\-TrackerGuide.html}}
}

@misc{datauri,
  author = {Larry Masinter},
  title = {{The "data" URL scheme, RFC 2397}},
  note = {http://tools.ietf.org/html/rfc2397}
}

@misc{whatwgvideo,
  author = {Ian Hickson},
  title = {{HTML Living Standard -- The Video Element}},
  year = {July 29, 2011},
  note = {http://www.whatwg.org/specs/web-apps/current-work/multipage/the-video-element.html}
}

@misc{sameoriginpolicy,
  author = {{Mozilla Developer Network}},
  title = {{Same origin policy for JavaScript}},
  note = {https://developer.mozilla.org/en/ Same\_origin\_policy\_for\_JavaScript}
}

@misc{html5video,
  author = {Mark Pilgrim},
  title = {{Dive Into HTML5 -- Video}},
  note = {http://diveintohtml5.org/video.html\#video-codecs}
}

@misc{youtubeiframe,
  author = {{YouTube API Blog}},
  title = {{A New Way To Embed YouTube Videos}},
  year = {July 22, 2010},
  note = {http://apiblog.youtube.com/2010/07/new-way-to-embed-youtube-videos.html}
}

@misc{googleanalytics,
  author = {{Google}},
  title = {{Analytics Web Tracking Software}},
  note = {http://www.google.com/analytics/}
}

@misc{chromewebstore,
  author = {{Google}},
  title = {{Chrome Web Store}},
  note = {https://chrome.google.com/webstore/}}
}

@misc{chrome,
  author = {{Google}},
  title = {{Chrome Web Browser}},
  note = {http://google.com/chrome}
}

@misc{chromeextensions,
  author = {{Google}},
  title = {{Chrome Extensions}},
  note = {http://code.google.com/chrome/extensions/index.html}
}

@article{crowdsourcing,
  author = {Jeff Howe},
  interhash = {40cd48c255ae64c3518adf142cca22e4},
  intrahash = {d3677e26771071e27d75aec91bc1002f},
  journal = {Wired},
  number = 6,
  title = {{The Rise of Crowdsourcing}},
  url = {http://www.wired.com/wired/archive/14.06/crowds.html},
  volume = 14,
  year = 2006,
  timestamp = {2009-01-26T20:47:55.000+0100},
  keywords = {crowdsourcing innocentive mturk threadless},
  added-at = {2009-01-26T20:47:55.000+0100},
  biburl = {http://www.bibsonomy.org/bibtex/2d3677e26771071e27d75aec91bc1002f/dmaus},
  lccn = {How06},
  abstract = {Remember outsourcing? Sending jobs to India and China is so 2003. The new pool of cheap labor: everyday people using their spare cycles to create content, solve problems, even do corporate R \& D.}
}

@inproceedings{Gao:2009,
 author = {Gao, Yuli and Zhang, Tong and Xiao, Jun},
 title = {Thematic video thumbnail selection},
 booktitle = {{Proc. of the 16th IEEE Int. Conference on Image Processing}},
 series = {ICIP'09},
 year = {2009},
 isbn = {978-1-4244-5653-6},
 location = {Cairo, Egypt},
 pages = {4277--4280},
 numpages = {4},
 acmid = {1819917},
 publisher = {{IEEE Press}},
 address = {Piscataway, NJ, USA},
 keywords = {image similarity measure, video keyframe extraction, video search and browsing, video theme, video thumbnail},
}

@article{Hanjalic:2008,
author={Hanjalic, A. and Lienhart, R. and Ma, W.-Y. and Smith, J. R.},
journal={Proc. of the IEEE},
title={{The Holy Grail of Multimedia Information Retrieval: So Close or Yet So Far Away?}},
year={2008},
month=apr,
volume={96},
number={4},
pages={541 -547},
keywords={},
doi={10.1109/JPROC.2008.916338},
ISSN={0018-9219}
}

@article{Sivic:2008,
author={Sivic, J. and Zisserman, A.},
journal={Proc. of the IEEE},
title={Efficient Visual Search for Objects in Videos},
year={2008},
month=apr,
volume={96},
number={4},
pages={548--566},
doi={10.1109/JPROC.2008.916343},
ISSN={0018-9219}
}

@article{Hauptmann:2008,
author={Hauptmann, A.G. and Christel, M.G. and Rong Yan},
journal={Proc. of the IEEE},
title={Video Retrieval Based on Semantic Concepts},
year={2008},
month=apr,
volume={96},
number={4},
pages={602--622},
doi={10.1109/JPROC.2008.916355},
ISSN={0018-9219}
}

@inproceedings{ViolaJones,
    author = {Paul Viola and Michael Jones},
    title = {Robust Real-time Object Detection},
    booktitle = {Int. Journal of Computer Vision},
    year = {2001}
}

@Misc{Raimond:Event,
  author =      {Yves Raimond and Samer Abdallah},
  title =       {{The Event Ontology}},
  year =        {October 25, 2007},
  note =        {http://motools.sourceforge.net/event/event.html}
}

@techreport{mediaontology,
	title={{Ontology for Media Resource 1.0}},
	year={2009},
	month={06},
	author={WonSuk Lee and Tobias Bürger and Felix Sasaki and Véronique Malaisé and Florian Stegmaier and Joakim Söderberg},
	URL={http://www.w3.org/TR/mediaont-10/},
	institution={W3C Media Annotation Working Group},
}

@inproceedings{Verstockt:2009,
	author= {Verstockt, Steven and Van Leuven, Sebastiaan and Van de Walle, Rik and Dermaut, Elmar and Torelle, Steven and Gevaert, Wouter},
	title= {Actor recognition for interactive querying and automatic annotation in digital video},
	booktitle= {IASTED Int. Conference on Internet and Multimedia Systems and Applications, 13th Proc.},
	year= {2009},
	pages= {149-155},
	publisher= {ACTA Press},
	address= {Honolulu, HI, USA}
}

@Misc{W3C:MediaFrags,
  author =       {Raphaël Troncy and Erik Mannens and Silvia Pfeiffer and Davy Van Deursen},
  title =        {{Media Fragments URIs}},
  howpublished = {W3C Working Draft},
  year =         {December 8, 2010},
  note =         {http://www.w3.org/2008/WebVideo/Fragments/WD-media-fragments-spec/}
}

@article{Doan:2011,
 author = {Doan, Anhai and Ramakrishnan, Raghu and Halevy, Alon Y.},
 title = {{Crowdsourcing systems on the World-Wide Web}},
 journal = {Commun. ACM},
 issue_date = {April 2011},
 volume = {54},
 issue = {4},
 month = {April},
 year = {2011},
 issn = {0001-0782},
 pages = {86--96},
 numpages = {11},
 doi = {http://doi.acm.org/10.1145/1924421.1924442},
 acmid = {1924442},
 publisher = {ACM},
 address = {New York, NY, USA}
}

@mastersthesis{BraeckLeer:2011,
	author = {Br{\ae}ck Leer, Erik},
	title = {Detecting Events in Videos Using Semantic Analytics of Subtitles},
	school = {University of Troms{\o}},
	year = 2011,
	month = Jun
}

@inproceedings{Soleymani:2010,
    author = {Soleymani, Mohammad and Larson, Martha},
    booktitle = {Proc. of the SIGIR 2010 Workshop on Crowdsourcing for Search Evaluation (CSE 2010)},
    editor = {Carvalho, V. and Lease, M. and Yilmaz},
    location = {Geneva, Switzerland},
    month = jul,
    organization = {ACM SIGIR},
    publisher = {ACM},
    title = {{Crowdsourcing for Affective Annotation of Video: Development of a Viewer-reported Boredom Corpus}},
    year = {2010}
}

@inproceedings{Welinder:2010,
    author = {Welinder, P and Perona, P},
    title = {{Online crowdsourcing: rating annotators and obtaining cost-effective labels}},
    booktitle = {Proc. of the 2010 IEEE Computer Society Conference on Computer Vision and Pattern Recognition Workshops (CVPRW)},
    year = 2010,
    month = Jun,
    publisher = {IEEE},
    address = {San Francisco, CA, USA},
    doi = {10.1109/CVPRW.2010.5543189}
}

@inproceedings{Nowak:2010,
 author = {Nowak, Stefanie and R\"{u}ger, Stefan},
 title = {{How reliable are annotations via crowdsourcing: a study about inter-annotator agreement for multi-label image annotation}},
 booktitle = {Proc. of the Int. Conference on Multimedia Information Retrieval},
 series = {MIR '10},
 year = {2010},
 isbn = {978-1-60558-815-5},
 location = {Philadelphia, Pennsylvania, USA},
 pages = {557--566},
 numpages = {10},
 doi = {10.1145/1743384.1743478},
 acmid = {1743478},
 publisher = {ACM},
 address = {New York, NY, USA},
 keywords = {crowdsourcing, inter-annotator agreement},
}

@incollection {Vondrick:2010,
   author = {Vondrick, Carl and Ramanan, Deva and Patterson, Donald},
   affiliation = {Department of Computer Science, University of California, Irvine, USA},
   title = {Efficiently Scaling Up Video Annotation with Crowdsourced Marketplaces},
   booktitle = {Computer Vision – ECCV 2010},
   series = {Lecture Notes in Computer Science},
   editor = {Daniilidis, Kostas and Maragos, Petros and Paragios, Nikos},
   publisher = {Springer Berlin / Heidelberg},
   pages = {610-623},
   volume = {6314},
   note = {10.1007/978-3-642-15561-1\_44},
   year = {2010}
}
