@inproceedings{Photo2011,
  author = {Philipp Sandhaus and Mohammad Rabbath and Susanne Boll},
  title = {{Employing Aesthetic Principles for Automatic Photo Book Layout}},
  booktitle = {Proceedings of the 17$^{th}$ International Conference on Advances in Multimedia Modeling -- Volume Part I (MMM 2011)},  
 year = 2011,
 pages = {84--95}
}

@incollection{Photo2012,
  author = {Obrador, Pere and Saad, Michele and Suryanarayan, Poonam and Oliver, Nuria},
  title = {{Towards Category-Based Aesthetic Models of Photographs}},
  booktitle = {Proceedings of the 18$^{th}$ International Conference on Advances in Multimedia Modeling -- Volume Part I (MMM 2012)},  
  year = 2012,
  pages = {63--76}
}

@inproceedings{Playlist2006,
  author = {Knees, Peter and Pohle, Tim and Schedl, Markus and Widmer, Gerhard},
  title = {{Combining Audio-based Similarity with Web-based Data to Accelerate Automatic Music Playlist Generation}},
  booktitle = {Proceedings of the 8$^th$ ACM International Workshop on Multimedia Information Retrieval},
  series = {MIR '06},
  year = 2006,
  isbn = {1-59593-495-2},
  location = {Santa Barbara, California, USA},
  pages = {147--154},
  numpages = {8},
  publisher = {ACM},
  address = {New York, NY, USA}
} 

@inproceedings{Sports2011,
  author = {Smitashree Choudhury and John Breslin},
  title = {{Extracting Semantic Entities and Events from Sports Tweets}},
  pages = {22--32},
  booktitle = {{Making Sense of Microposts {(\#MSM2011)}}},
  year = 2011
}

@inproceedings{YouTube2010,
  author = {Davidson, James and Liebald, Benjamin and Liu, Junning and Nandy, Palash and Van Vleet, Taylor and others},
  title = {{The YouTube Video Recommendation System}},
  booktitle = {Proceedings of the 4$^th$ ACM Conference on Recommender Systems},
  series = {RecSys '10},
  year = {2010},
  isbn = {978-1-60558-906-0},
  location = {Barcelona, Spain},
  pages = {293--296},
  numpages = {4},
  url = {http://doi.acm.org/10.1145/1864708.1864770},
  doi = {10.1145/1864708.1864770},
  acmid = {1864770},
  publisher = {ACM},
  address = {New York, NY, USA}
} 

@article{Storify2011,
  title = {{Review: Storify (2011)}},
  author= {Fincham, Kelly},
  journal = {Journal of Media Literacy Education},
  volume = {3},
  number = {1},
  year = 2011
}

@inproceedings{Facebook2011, 
  author = {Thomas Steiner and Ruben Verborgh and Joaquim Gabarro and Rik {Van de Walle}}, 
  booktitle = {Proceedings of the 7$^{th}$ Int. Conference on Next Generation Web Services Practices}, 
title={{Adding Meaning to Facebook Microposts via a Mash-Up API and Tracking its Data Provenance}}, 
  year = 2011, 
  pages = {342--345}
}

@techreport{CSSTransitions2009,
  title = {{CSS Transitions Module Level 3 -- W3C Working Draft 01 December 2009}},
  author = {Dean Jackson and David Hyatt and Chris Marrin and L. David Baron},
  institution = {W3C},
  note = {\url{http://www.w3.org/TR/css3-transitions}}  
}

@techreport{CSSTransforms2012,
  title = {{CSS Transforms -- W3C Working Draft 28 February 2012}},
  author = {Simon Fraser and Dean Jackson and David Hyatt and Chris Marrin and Edward O'Connor and Dirk Schulze and Aryeh Gregor},
  institution = {W3C},
  note = {\url{http://www.w3.org/TR/css3-transforms/}}  
}